<record><leader>00000cas a2200000 a 4500</leader><controlfield tag="001">49896170</controlfield><controlfield tag="008">020531d19941996nyu x ne      0    0eng c</controlfield><datafield ind1=" " ind2=" " tag="010"><subfield code="a">sn2003060494</subfield></datafield><datafield ind1=" " ind2=" " tag="040"><subfield code="a">ZPM</subfield><subfield code="b">eng</subfield><subfield code="c">ZPM</subfield><subfield code="d">OCLCQ</subfield><subfield code="d">NYS</subfield><subfield code="d">OCLCQ</subfield><subfield code="d">OCLCF</subfield><subfield code="d">OCLCO</subfield></datafield><datafield ind1="1" ind2=" " tag="029"><subfield code="a">AU@</subfield><subfield code="b">000025115049</subfield></datafield><datafield ind1=" " ind2=" " tag="042"><subfield code="a">pcc</subfield></datafield><datafield ind1=" " ind2=" " tag="043"><subfield code="a">n-us-ny</subfield></datafield><datafield ind1=" " ind2=" " tag="090"><subfield code="a">LH1</subfield><subfield code="b">.F7</subfield></datafield><datafield ind1="0" ind2="4" tag="245"><subfield code="a">The Purchase College free press.</subfield></datafield><datafield ind1="3" ind2="0" tag="246"><subfield code="a">Free press</subfield></datafield><datafield ind1=" " ind2=" " tag="260"><subfield code="a">Purchase, NY :</subfield><subfield code="b">SUNY Purchase,</subfield><subfield code="c">1994-1996.</subfield></datafield><datafield ind1=" " ind2=" " tag="300"><subfield code="a">4 v. :</subfield><subfield code="b">ill. ;</subfield><subfield code="c">44 cm.</subfield></datafield><datafield ind1="0" ind2=" " tag="362"><subfield code="a">Vol. 3, no. 1 (Oct. 11, 1994)-v. 6, no. 1 (Jan. 30, 1996).</subfield></datafield><datafield ind1=" " ind2=" " tag="500"><subfield code="a">Title varies slightly.</subfield></datafield><datafield ind1=" " ind2="0" tag="650"><subfield code="a">Universities and colleges</subfield><subfield code="v">Newspapers.</subfield></datafield><datafield ind1="2" ind2="0" tag="610"><subfield code="a">Purchase College, State University of New York</subfield><subfield code="x">Students</subfield><subfield code="v">Newspapers.</subfield></datafield><datafield ind1=" " ind2="0" tag="650"><subfield code="a">College student newspapers and periodicals</subfield><subfield code="z">New York (State)</subfield><subfield code="z">Purchase.</subfield></datafield><datafield ind1=" " ind2="0" tag="650"><subfield code="a">Student newspapers and periodicals</subfield><subfield code="z">New York (State)</subfield><subfield code="z">Purchase.</subfield></datafield><datafield ind1=" " ind2="0" tag="651"><subfield code="a">Purchase (N.Y.)</subfield><subfield code="v">Newspapers.</subfield></datafield><datafield ind1=" " ind2="0" tag="651"><subfield code="a">Westchester County (N.Y.)</subfield><subfield code="v">Newspapers.</subfield></datafield><datafield ind1=" " ind2="7" tag="655"><subfield code="a">Newspapers.</subfield><subfield code="2">fast</subfield><subfield code="0">(OCoLC)fst01423814</subfield></datafield><datafield ind1="2" ind2="7" tag="610"><subfield code="a">Purchase College, State University of New York.</subfield><subfield code="2">fast</subfield><subfield code="0">(OCoLC)fst00761203</subfield></datafield><datafield ind1=" " ind2="7" tag="650"><subfield code="a">College student newspapers and periodicals.</subfield><subfield code="2">fast</subfield><subfield code="0">(OCoLC)fst00867966</subfield></datafield><datafield ind1=" " ind2="7" tag="650"><subfield code="a">Student newspapers and periodicals.</subfield><subfield code="2">fast</subfield><subfield code="0">(OCoLC)fst01135965</subfield></datafield><datafield ind1=" " ind2="7" tag="650"><subfield code="a">Students.</subfield><subfield code="2">fast</subfield><subfield code="0">(OCoLC)fst01136041</subfield></datafield><datafield ind1=" " ind2="7" tag="650"><subfield code="a">Universities and colleges.</subfield><subfield code="2">fast</subfield><subfield code="0">(OCoLC)fst01161597</subfield></datafield><datafield ind1=" " ind2="7" tag="651"><subfield code="a">New York (State)</subfield><subfield code="z">Purchase.</subfield><subfield code="2">fast</subfield><subfield code="0">(OCoLC)fst01215332</subfield></datafield><datafield ind1=" " ind2="7" tag="651"><subfield code="a">New York (State)</subfield><subfield code="z">Westchester County.</subfield><subfield code="2">fast</subfield><subfield code="0">(OCoLC)fst01202684</subfield></datafield><datafield ind1="2" ind2=" " tag="710"><subfield code="a">Purchase College, State University of New York.</subfield></datafield><datafield ind1=" " ind2=" " tag="752"><subfield code="a">United States</subfield><subfield code="b">New York</subfield><subfield code="c">Westchester</subfield><subfield code="d">Purchase.</subfield></datafield><datafield ind1="0" ind2="0" tag="780"><subfield code="t">SUNY Purchase free press</subfield><subfield code="w">(DLC)sn2003060493</subfield><subfield code="w">(OCoLC)28436186</subfield></datafield></record>